@article{Bruckdorfer,
    author    = {T. Bruckdorfer and
               S. Cornelsen and
               C. Gutwenger and
               M. Kaufmann and
               F. Montecchiani and
               M. N{\"{o}}llenburg and
               A. Wolff},
    title     = {Progress on Partial Edge Drawings},
    journal   = {CoRR},
    volume    = {abs/1209.0830},
    year      = {2012},
    url       = {http://arxiv.org/abs/1209.0830},
    archivePrefix = {arXiv},
    eprint    = {1209.0830},
}

@article{Becker,  
    author    = {R. A. {Becker} and
               S. G. {Eick} and
               A. R. {Wilks}},
    journal   = {IEEE Transactions on Visualization and Computer Graphics},   
    title     = {Visualizing network data},   
    year      = {1995},  
    url       = {https://ieeexplore.ieee.org/document/468391},
    volume    = {1},  
    number    = {1},  
    pages     = {16-28},
}

@inproceedings{Burch,
    author = {M. Burch and 
            C. Vehlow and 
            N. Konevtsova and 
            D. Weiskopf},
    title  = {Evaluating Partially Drawn Links for Directed Graph Edges},            
    booktitle  = {Lecture Notes in Computer Science},
    year   = {2012},
    publisher = {Springer Berlin Heidelberg},
    volume = {7034},
}

@inproceedings{BK,
    author    = {T. Bruckdorfer and 
                 M. Kaufmann},
    title     = {Mad at Edge Crossings? Break the Edges!},
    booktitle = {Fun with Algorithms},
    year      = {2012},
    publisher = {Springer Berlin Heidelberg},
    address   = {Berlin, Heidelberg},
    pages     = {40--50},
}

@article{Erdos,
    author = {P. Erd\H{o}s and 
              G. Szekeres},
    journal = {Compositio Mathematica},
    keywords = {Geometry},
    language = {eng},
    pages = {463-470},
    publisher = {Johnson Reprint Corporation},
    title = {A combinatorial problem in geometry},
    url = {http://eudml.org/doc/88611},
    volume = {2},
    year = {1935},
}





